<record><leader>00000cas a22000007a 4500</leader><controlfield tag="001">16221095</controlfield><controlfield tag="008">870717d18991910iauwr ne      0    0eng d</controlfield><datafield ind1=" " ind2=" " tag="010"><subfield code="a">sn 87057600 </subfield></datafield><datafield ind1=" " ind2=" " tag="040"><subfield code="a">INP</subfield><subfield code="b">eng</subfield><subfield code="c">INP</subfield><subfield code="d">OCLCQ</subfield></datafield><datafield ind1=" " ind2=" " tag="042"><subfield code="a">msc</subfield></datafield><datafield ind1="0" ind2=" " tag="130"><subfield code="a">Reporter (Rock Rapids, Iowa)</subfield></datafield><datafield ind1="1" ind2="4" tag="245"><subfield code="a">The reporter.</subfield></datafield><datafield ind1="1" ind2="3" tag="246"><subfield code="a">Lyon County reporter</subfield></datafield><datafield ind1=" " ind2=" " tag="260"><subfield code="a">Rock Rapids, Iowa :</subfield><subfield code="b">Junkin &amp; Smith,</subfield><subfield code="c">1899-1910.</subfield></datafield><datafield ind1=" " ind2=" " tag="300"><subfield code="a">12 v.</subfield></datafield><datafield ind1=" " ind2=" " tag="310"><subfield code="a">Weekly</subfield></datafield><datafield ind1="0" ind2=" " tag="362"><subfield code="a">Vol. 18, no. 37 (Sept. 7, 1899)-v. 29, no. 43 (Oct. 27, 1910).</subfield></datafield><datafield ind1=" " ind2=" " tag="500"><subfield code="a">Publisher varies.</subfield></datafield><datafield ind1=" " ind2=" " tag="752"><subfield code="a">United States</subfield><subfield code="b">Iowa</subfield><subfield code="c">Lyon</subfield><subfield code="d">Rock Rapids.</subfield></datafield><datafield ind1="0" ind2="0" tag="780"><subfield code="t">Lyon County reporter (Rock Rapids, Iowa : 1882)</subfield><subfield code="w">(DLC)sn 87057599</subfield></datafield><datafield ind1="0" ind2="0" tag="785"><subfield code="t">Rock Rapids reporter</subfield><subfield code="w">(DLC)sn 87057601</subfield></datafield></record>